@misc{Python,
  author = {Python Software Foundation Versi\'on 3.7.2},
  howpublished = {\url{https://www.python.org/}},
 
}

@misc{Net,
  author = {NetworkX developers Versi\'on 2.2},
  howpublished = {\url{https://networkx.github.io}},
  
}

@misc{Mat,
  author = {The Matplotlib development team Versi\'on 3.0.2},
  howpublished = {\url{https://matplotlib.org/}},
  
}

@misc{R1,
  author = {Boxley L.},
  title = {\textit{An application of Maximum flow: The baseball elimination problem}},
  howpublished = {\url{https://slideplayer.com/slide/4016790/}},
  
}

@misc{R2,
  author = {Wayne K.},
  title = {\textit{Baseball elimination}},
  howpublished = {Princeton University},
  
}

@misc{R3,
  author = {Allen P.},
  title = {Introduction to algorithms},
  howpublished = {University of Washington},
  
}