@misc{Python,
  author = {Python Software Foundation Versi\'on 3.7.2},
  howpublished = {\url{https://www.python.org/}},
 
}

@misc{Net,
  author = {NetworkX developers Versi\'on 2.2},
  howpublished = {\url{https://networkx.github.io}},
  
}

@misc{Num,
  author = {NumPy developers Versi\'on 1.16.2},
  howpublished = {\url{https://networkx.github.io}},
  
}

@misc{PythonHow,
  author = {Sulce A. PythonHow},
  howpublished = {\url{https://pythonhow.com/measure-execution-time-python-code/}},
  
}

		
@misc{Mat,
  author = {The Matplotlib development team Versi\'on 3.0.2},
  howpublished = {\url{https://matplotlib.org/}},
  
}

@misc{Mar,
    author = {Guti\'errez M.},
    title={Repositorio Optimizaci\'on Flujo en Redes},
 	 howpublished = {\url{https://github.com/MarioGtz14/Flujo_Redes_Mario }}
}