@Misc{python,
	author={Python. https://www.python.org/}
}

@Misc{Mario,
	author={G. Mario. https://github.com/MarioGtz14/FlujoRedesMario}
}
	
@Misc{networkx,
	author={https://networkx.github.io/documentation/networkx1.10/reference/classes.html}
}

@Misc{matplotlib,
	author={Matplotlib. https://matplotlib.org/}
}	

@Misc{Pygr,
	author={PyGraphviz. https://pygraphviz.github.io/documentation/latest/tutorial.html}
}	

