@book{grafos,
  title={Combinatorics and graph theory},
  author={Harris, John Michael and Hirst, Jeffry L and Mossinghoff, Michael J},
  volume={2},
  year={2008},
  publisher={Springer}
}

@book{python,
	author={https://www.python.org/}
}
	
@book{networkx,
	author={https://networkx.github.io/documentation/networkx-1.10/reference/classes.html}
}

@book{matplotlib,
	author={https://matplotlib.org/}
}	

@book{facebook,
	author={https://www.facebook.com/}
}
	
@book{twitter,
	author={https://twitter.com}
}