@misc{Python,
  author = {Python Software Foundation Versi\'on 3.7.2},
  howpublished = {\url{https://www.python.org/}},
 
}

@misc{Net,
  author = {NetworkX developers Versi\'on 2.2},
  howpublished = {\url{https://networkx.github.io}},
  
}

@misc{Num,
  author = {NumPy developers Versi\'on 1.16.2},
  howpublished = {\url{https://networkx.github.io}},
  
}

@misc{PythonHow,
  author = {Sulce A. PythonHow},
  howpublished = {\url{https://pythonhow.com/measure-execution-time-python-code/}},
  
}

		
@misc{Mat,
  author = {The Matplotlib development team Versi\'on 3.0.2},
  howpublished = {\url{https://matplotlib.org/}},
  
}

@misc{Pd,
  author = {Augspurger T. and the pandas core team Versi\'on 0.24.2},
  howpublished = {\url{https://pandas.pydata.org/}},
  
}

@misc{sns,
  author = {Waskom M. Versi\'on 0.9.0. Copyright 2012-2018},
  howpublished = {\url{https://seaborn.pydata.org/}},
  
}

@misc{stm,
  author = {Perktold J. and Seabold S. Versi\'on 0.9.0. Copyright 2012-2018},
  howpublished = {\url{https://www.statsmodels.org/stable/index.html}},
  
}

@misc{Mar,
    author = {Guti\'errez M.},
    title={Repositorio Optimizaci\'on Flujo en Redes},
 	 howpublished = {\url{https://github.com/MarioGtz14/Flujo_Redes_Mario }}
}